<?xml version="1.0" encoding="utf-8"?>
<Document xmlns="urn:iso:std:iso:20022:tech:xsd:pain.008.001.02">
  <CstmrDrctDbtInitn>
    <GrpHdr>
      <MsgId>8ac1080d9f7d419699072f9e7c8d8892</MsgId>
      <CreDtTm>2021-06-29T09:15:29Z</CreDtTm>
      <NbOfTxs>2</NbOfTxs>
      <CtrlSum>79124.4</CtrlSum>
      <InitgPty>
        <Nm>SCHAFFER PARTNER</Nm>
      </InitgPty>
    </GrpHdr>
    <PmtInf>
      <PmtInfId>8ac1080d9f7d419699072f9e7c8d8892</PmtInfId>
      <PmtMtd>DD</PmtMtd>
      <BtchBookg>true</BtchBookg>
      <NbOfTxs>2</NbOfTxs>
      <CtrlSum>79124.4</CtrlSum>
      <PmtTpInf>
        <SvcLvl>
          <Cd>SEPA</Cd>
        </SvcLvl>
        <LclInstrm>
          <Cd>CORE</Cd>
        </LclInstrm>
        <SeqTp>RCUR</SeqTp>
      </PmtTpInf>
      <ReqdColltnDt>2021-07-09</ReqdColltnDt>
      <Cdtr>
        <Nm>SCHAFFER PARTNER</Nm>
      </Cdtr>
      <CdtrAcct>
        <Id>
          <IBAN>DE30760200700003660788</IBAN>
        </Id>
      </CdtrAcct>
      <CdtrAgt>
        <FinInstnId>
          <BIC>HYVEDEMM460</BIC>
        </FinInstnId>
      </CdtrAgt>
      <ChrgBr>SLEV</ChrgBr>
      <DrctDbtTxInf>
        <PmtId>
          <EndToEndId>NOTPROVIDED</EndToEndId>
        </PmtId>
        <InstdAmt Ccy="EUR">78999.4</InstdAmt>
        <DrctDbtTx>
          <MndtRltdInf>
            <MndtId>123456</MndtId>
            <DtOfSgntr>2020-08-21</DtOfSgntr>
          </MndtRltdInf>
          <CdtrSchmeId>
            <Id>
              <PrvtId>
                <Othr>
                  <Id>CZ58ZZZ10272</Id>
                  <SchmeNm>
                    <Prtry>SEPA</Prtry>
                  </SchmeNm>
                </Othr>
              </PrvtId>
            </Id>
          </CdtrSchmeId>
        </DrctDbtTx>
        <DbtrAgt>
          <FinInstnId>
            <BIC>GENODEF1SWR</BIC>
          </FinInstnId>
        </DbtrAgt>
        <Dbtr>
          <Nm>First Hill ltd</Nm>
        </Dbtr>
        <DbtrAcct>
          <Id>
            <IBAN>DE19560900000200932924</IBAN>
          </Id>
        </DbtrAcct>
        <RmtInf>
          <Ustrd>2021933</Ustrd>
        </RmtInf>
      </DrctDbtTxInf>
      <DrctDbtTxInf>
        <PmtId>
          <EndToEndId>NOTPROVIDED</EndToEndId>
        </PmtId>
        <InstdAmt Ccy="EUR">125</InstdAmt>
        <DrctDbtTx>
          <MndtRltdInf>
            <MndtId>654321</MndtId>
            <DtOfSgntr>2021-01-01</DtOfSgntr>
          </MndtRltdInf>
          <CdtrSchmeId>
            <Id>
              <PrvtId>
                <Othr>
                  <Id>CZ58ZZZ10272</Id>
                  <SchmeNm>
                    <Prtry>SEPA</Prtry>
                  </SchmeNm>
                </Othr>
              </PrvtId>
            </Id>
          </CdtrSchmeId>
        </DrctDbtTx>
        <DbtrAgt>
          <FinInstnId>
            <BIC>HYVEDEMM460</BIC>
          </FinInstnId>
        </DbtrAgt>
        <Dbtr>
          <Nm>Your First Help ltd</Nm>
        </Dbtr>
        <DbtrAcct>
          <Id>
            <IBAN>DE79764600150007898975</IBAN>
          </Id>
        </DbtrAcct>
        <RmtInf>
          <Ustrd>2021934</Ustrd>
        </RmtInf>
      </DrctDbtTxInf>
    </PmtInf>
  </CstmrDrctDbtInitn>
</Document>